@article{biemann2017collaborative,
  title={{Collaborative Web-based Tools for Multi-layer Text Annotation}},
  author={Biemann, Chris and Bontcheva, Kalina and de Castilho, Richard Eckart and Gurevych, Iryna and Yimam, Seid Muhie},
  journal={The Handbook of Linguistic Annotation’, Text, Speech, and Technology book series, Springer Netherlands},
  year={2017}
}

@inproceedings{day1997mixed,
  title={{Mixed-initiative development of language processing systems}},
  author={Day, David and Aberdeen, John and Hirschman, Lynette and Kozierok, Robyn and Robinson, Patricia and Vilain, Marc},
  booktitle={{Proceedings of the Fifth Conference on Applied Natural Language Processing}},
  pages={348--355},
  year={1997},
  organization={Association for Computational Linguistics}
}

@article{agerri2016robust,
  title={{Robust multilingual Named Entity Recognition with shallow semi-supervised features}},
  author={Agerri, Rodrigo and Rigau, German},
  journal={Artificial Intelligence},
  volume={238},
  pages={63--82},
  year={2016},
  publisher={Elsevier}
}

@inproceedings{settles2011closing,
  title={{Closing the loop: Fast, interactive semi-supervised annotation with queries on features and instances}},
  author={Settles, Burr},
  booktitle={{Proceedings of the conference on empirical methods in natural language processing}},
  pages={1467--1478},
  year={2011},
  organization={Association for Computational Linguistics}
}

@article{drucker1963effectiveness,
  title={{Managing for Business Effectiveness}},
  author={Peter Ferdinand Drucker},
  journal={Harvard Business Review},
  pages={53--60},
  year={1963},
  publisher={Harvard Business School Publishing},
  url={https://hbr.org/1963/05/managing-for-business-effectiveness}
}

@book{galitz2007essential,
  title={{The essential guide to user interface design: an introduction to GUI design principles and techniques}},
  author={Galitz, Wilbert O},
  year={2007},
  publisher={John Wiley \& Sons}
}

@inproceedings{morton2003wordfreak,
  title={{WordFreak: an open tool for linguistic annotation}},
  author={Morton, Thomas and LaCivita, Jeremy},
  booktitle={{Proceedings of the 2003 Conference of the North American Chapter of the Association for Computational Linguistics on Human Language Technology: Demonstrations-Volume 4}},
  pages={17--18},
  year={2003},
  organization={Association for Computational Linguistics}
}

@article{carletta2003nite,
  title={{The NITE XML toolkit: flexible annotation for multimodal language data}},
  author={Carletta, Jean and Evert, Stefan and Heid, Ulrich and Kilgour, Jonathan and Robertson, Judy and Voormann, Holger},
  journal={Behavior Research Methods},
  volume={35},
  number={3},
  pages={353--363},
  year={2003},
  publisher={Springer}
}

@book{cunningham2011text,
  title={{Text processing with gate}},
  author={Cunningham, Hamish and Maynard, Diana and Bontcheva, Kalina},
  year={2011},
  publisher={Gateway Press CA}
}

@article{bontcheva2013gate,
  title={{GATE Teamware: a web-based, collaborative text annotation framework}},
  author={Bontcheva, Kalina and Cunningham, Hamish and Roberts, Ian and Roberts, Angus and Tablan, Valentin and Aswani, Niraj and Gorrell, Genevieve},
  journal={Language Resources and Evaluation},
  volume={47},
  number={4},
  pages={1007--1029},
  year={2013},
  publisher={Springer},
  url={http://link.springer.com/article/10.1007/s10579-013-9215-6}
}

@inproceedings{stenetorp2012brat,
  title={{BRAT: a web-based tool for NLP-assisted text annotation}},
  author={Stenetorp, Pontus and Pyysalo, Sampo and Topi{\'c}, Goran and Ohta, Tomoko and Ananiadou, Sophia and Tsujii, Jun'ichi},
  booktitle={{Proceedings of the Demonstrations at the 13th Conference of the European Chapter of the Association for Computational Linguistics}},
  pages={102--107},
  year={2012},
  organization={Association for Computational Linguistics}
}

@article{ananiadou2012stav,
  title={{stav: text annotation visualiser}},
  author={Ananiadou, Sophia and Tsujii, Jun’ichi},
  year={2012},
  url={http://www.anlp.jp/proceedings/annual_meeting/2012/pdf_dir/P1-38.pdf}
}

@inproceedings{yimam2013webanno,
  title={{WebAnno: A Flexible, Web-based and Visually Supported System for Distributed Annotations.}},
  author={Yimam, Seid Muhie and Gurevych, Iryna and de Castilho, Richard Eckart and Biemann, Chris},
  booktitle={{ACL (Conference System Demonstrations)}},
  pages={1--6},
  year={2013},
  url={http://www.aclweb.org/website/old_anthology/P/P13/P13-4.pdf#page=13}
}

@article{nadeau2007survey,
  title={{A survey of named entity recognition and classification}},
  author={Nadeau, David and Sekine, Satoshi},
  journal={Lingvisticae Investigationes},
  volume={30},
  number={1},
  pages={3--26},
  year={2007},
  publisher={John Benjamins publishing company}
}

@article{settles2010active,
  title={{Active learning literature survey}},
  author={Settles, Burr},
  journal={University of Wisconsin, Madison},
  volume={52},
  number={55-66},
  pages={11},
  year={2010}
}

@article{benikova2014germeval,
  title={{Germeval 2014 named entity recognition: Companion paper}},
  author={Benikova, Darina and Biemann, Chris and Kisselew, Max and Pado, Sebastian},
  journal={Proceedings of the KONVENS GermEval Shared Task on Named Entity Recognition, Hildesheim, Germany},
  pages={104--112},
  year={2014}
}

@inproceedings{tjong2003introduction,
  title={{Introduction to the CoNLL-2003 shared task: Language-independent named entity recognition}},
  author={Tjong Kim Sang, Erik F and De Meulder, Fien},
  booktitle={{Proceedings of the seventh conference on Natural language learning at HLT-NAACL 2003-Volume 4}},
  pages={142--147},
  year={2003},
  organization={Association for Computational Linguistics}
}

@inproceedings{nigam1999using,
  title={{Using maximum entropy for text classification}},
  author={Nigam, Kamal and Lafferty, John and McCallum, Andrew},
  booktitle={{IJCAI-99 workshop on machine learning for information filtering}},
  volume={1},
  pages={61--67},
  year={1999}
}

@article{liu1989limited,
  title={{On the limited memory BFGS method for large scale optimization}},
  author={Liu, Dong C and Nocedal, Jorge},
  journal={Mathematical programming},
  volume={45},
  number={1},
  pages={503--528},
  year={1989},
  publisher={Springer}
}

@misc{shewchuk1994introduction,
  title={{An introduction to the conjugate gradient method without the agonizing pain}},
  author={Shewchuk, Jonathan Richard and others},
  year={1994},
  publisher={Carnegie-Mellon University. Department of Computer Science}
}

@article{olsson2009literature,
  title={{A literature survey of active machine learning in the context of natural language processing}},
  author={Olsson, Fredrik},
  year={2009},
  publisher={Swedish Institute of Computer Science}
}

@inproceedings{Chieu:2002:NER:1072228.1072253,
 author = {Chieu, Hai Leong and Ng, Hwee Tou},
 title = {{Named Entity Recognition: A Maximum Entropy Approach Using Global Information}},
 booktitle = {{Proceedings of the 19th International Conference on Computational Linguistics - Volume 1}},
 series = {COLING '02},
 year = {2002},
 location = {Taipei, Taiwan},
 pages = {2},
 numpages = {7},
 url = {http://dx.doi.org/10.3115/1072228.1072253},
 doi = {10.3115/1072228.1072253},
 acmid = {1072253},
 publisher = {Association for Computational Linguistics},
 address = {Stroudsburg, PA, USA},
}

@article{jaynes1957,
  title={{Information theory and statistical mechanics}},
  author={Jaynes, Edwin T},
  journal={Physical review},
  volume={106},
  number={4},
  pages={620--630},
  year={1957},
  publisher={APS}
}

@article{Berger:1996:MEA:234285.234289,
 author = {Berger, Adam L. and Pietra, Vincent J. Della and Pietra, Stephen A. Della},
 title = {{A Maximum Entropy Approach to Natural Language Processing}},
 journal = {Comput. Linguist.},
 issue_date = {March 1996},
 volume = {22},
 number = {1},
 month = mar,
 year = {1996},
 issn = {0891-2017},
 pages = {39--71},
 numpages = {33},
 url = {http://dl.acm.org/citation.cfm?id=234285.234289},
 acmid = {234289},
 publisher = {MIT Press},
 address = {Cambridge, MA, USA},
}

@article{daume2008megam,
  title={{MegaM: Maximum entropy model optimization package}},
  author={Daum{\'e} III, Hal},
  journal={ACL Data and Code Repository, ADCR2008C003},
  volume={50},
  year={2008}
}

@Unpublished{daume04cg-bfgs,
  author = {Hal {Daum\'e III}},
  title = {Notes on {CG} and {LM-BFGS} Optimization of Logistic Regression},
  month = {8},
  keywords = {ml},
  tagline = {These are notes on the <a href="megam/">implementation</a> I have written of conjugate gradient and limited memory BFGS optimization for logistic regression (aka maximum entropy) classifiers. The notes were created because it is actually quite difficult to find good references on efficient implementation of these algorithms, though discussion of them exists everywhere.},
  year = {2004}
}

@inproceedings{nltk2017chunkne,
  title={{NLTK 3.2.4 documentation: nltk.chunk.named\_entity}},
  author={{NLTK Project}},
  year={2017},
  url={http://www.nltk.org/_modules/nltk/chunk/named_entity.html}
}

@article{w3crestarch,
  title={{Web Services Architecture: Relationship to the World Wide Web and REST Architectures}},
  author={David Booth, Hugo Haas, Francis McCabe, Eric Newcomer, Michael Champion, Chris Ferris, David Orchard},
  publisher = {W3C},
  journal={W3C Working Group Note 11 February 2004},
  year={2004},
  url={https://www.w3.org/TR/2004/NOTE-ws-arch-20040211/#relwwwrest}
}

@article{bray2014javascript,
  title={{The javascript object notation (json) data interchange format}},
  author={Bray, Tim},
  year={2014}
}

@article{nltkinfoextract,
  title={{Natural Language Processing with Python: Extracting Information from Text}},
  author={Bird, Steven, Edward Loper and Ewan Klein},
  year={2009},
  publisher = { O’Reilly Media Inc.},
  url={http://www.nltk.org/book/ch07.html}
}

@article{nltkClassifierBasedGermanTagger,
  title={{Natural Language Toolkit: Classifier Based German Tagger}},
  author={Philipp Nolte},
  year={2011},
  url={https://github.com/ptnplanet/NLTK-Contributions/tree/master/ClassifierBasedGermanTagger}
}

@article{gnuAspellGermanWordlist,
  title={{A German word list for GNU Aspell}},
  author={Jan Schreiber},
  year={2017},
  url={https://sourceforge.net/projects/germandict/files/}
}

@article{germEval2014ner,
  title={{GermEval 2014 Named Entity Recognition Shared Task}},
  author={Chris Biemann, Sebastian Padó, Darina Benikova, Max Kisselew},
  year={2014},
  url={https://sites.google.com/site/germeval2014ner/data}
}

@article{lample2016neural,
  title={{Neural architectures for named entity recognition}},
  author={Lample, Guillaume and Ballesteros, Miguel and Subramanian, Sandeep and Kawakami, Kazuya and Dyer, Chris},
  journal={arXiv preprint arXiv:1603.01360},
  year={2016}
}

@article{bachle2007ruby,
  title={{Ruby on rails}},
  author={B{\"a}chle, Michael and Kirchberg, Paul},
  journal={IEEE software},
  volume={24},
  number={6},
  year={2007},
  publisher={IEEE}
}

@article{ferri2009experimental,
  title={{An experimental comparison of performance measures for classification}},
  author={Ferri, C{\'e}sar and Hern{\'a}ndez-Orallo, Jos{\'e} and Modroiu, R},
  journal={Pattern Recognition Letters},
  volume={30},
  number={1},
  pages={27--38},
  year={2009},
  publisher={Elsevier}
}

@article{powers2011evaluation,
  title={{Evaluation: from precision, recall and F-measure to ROC, informedness, markedness and correlation}},
  author={Powers, David Martin},
  year={2011},
  publisher={Bioinfo Publications}
}

@article{faul2007g,
  title={{G* Power 3: A flexible statistical power analysis program for the social, behavioral, and biomedical sciences}},
  author={Faul, Franz and Erdfelder, Edgar and Lang, Albert-Georg and Buchner, Axel},
  journal={Behavior research methods},
  volume={39},
  number={2},
  pages={175--191},
  year={2007},
  publisher={Springer}
}

@misc{cohen1977statistical,
  title={Statistical power analysis for the behavioral sciences (revised ed.)},
  author={Cohen, Jacob},
  year={1977},
  publisher={New York: Academic Press}
}

@book{field2012discovering,
  title={{Discovering statistics using R}},
  author={Andy Field, Jeremy Miles, Zoë Field},
  year={2012},
  publisher={Sage Publications}
}

@article{shapiro1965analysis,
  title={{An analysis of variance test for normality (complete samples)}},
  author={Shapiro, Samuel Sanford and Wilk, Martin B},
  journal={Biometrika},
  volume={52},
  number={3/4},
  pages={591--611},
  year={1965},
  publisher={JSTOR}
}

@article{levene1960robust,
  title={{Robust tests for equality of variances}},
  author={Levene, Howard and others},
  journal={Contributions to probability and statistics},
  volume={1},
  pages={278--292},
  year={1960}
}

@misc{mair2016robust,
  title={{Robust Statistical Methods in R Using the WRS2 Package}},
  author={Mair, Patrick and Wilcox, Rand},
  year={2016}
}

@article{welch1951comparison,
  title={{On the comparison of several mean values: an alternative approach}},
  author={Welch, BL},
  journal={Biometrika},
  volume={38},
  number={3/4},
  pages={330--336},
  year={1951},
  publisher={JSTOR}
}

@book{bonferroni1936teoria,
  title={{Teoria statistica delle classi e calcolo delle probabilita}},
  author={Bonferroni, Carlo E},
  year={1936},
  publisher={Libreria internazionale Seeber}
}

@inproceedings{brants2000inter,
  title={{Inter-annotator Agreement for a German Newspaper Corpus.}},
  author={Brants, Thorsten},
  booktitle={{LREC}},
  year={2000}
}
